<record><leader>00000cas a22000007a 4500</leader><controlfield tag="001">26033650</controlfield><controlfield tag="008">920617d18uu189uarudr ne      0    0eng d</controlfield><datafield ind1=" " ind2=" " tag="010"><subfield code="a">sn 92050125 </subfield></datafield><datafield ind1=" " ind2=" " tag="040"><subfield code="a">ANU</subfield><subfield code="b">eng</subfield><subfield code="c">ANU</subfield><subfield code="d">OCL</subfield><subfield code="d">OCLCQ</subfield><subfield code="d">OCLCF</subfield><subfield code="d">OCLCO</subfield></datafield><datafield ind1=" " ind2=" " tag="042"><subfield code="a">msc</subfield></datafield><datafield ind1=" " ind2=" " tag="043"><subfield code="a">n-us-ar</subfield></datafield><datafield ind1="0" ind2=" " tag="130"><subfield code="a">Helena daily world (Helena, Ark. : 1890)</subfield></datafield><datafield ind1="1" ind2="4" tag="245"><subfield code="a">The Helena daily world.</subfield></datafield><datafield ind1=" " ind2=" " tag="260"><subfield code="a">Helena, Ark. :</subfield><subfield code="b">Wm. S. Burnett</subfield></datafield><datafield ind1=" " ind2=" " tag="300"><subfield code="a">v.</subfield></datafield><datafield ind1=" " ind2=" " tag="310"><subfield code="a">Daily</subfield></datafield><datafield ind1=" " ind2=" " tag="588"><subfield code="a">Description based on: Vol. 18, no. 301 (Apr. 5, 1890).</subfield></datafield><datafield ind1=" " ind2="0" tag="651"><subfield code="a">Helena (Ark.)</subfield><subfield code="v">Newspapers.</subfield></datafield><datafield ind1=" " ind2="0" tag="651"><subfield code="a">Phillips County (Ark.)</subfield><subfield code="v">Newspapers.</subfield></datafield><datafield ind1=" " ind2="7" tag="655"><subfield code="a">Newspapers.</subfield><subfield code="2">fast</subfield><subfield code="0">(OCoLC)fst01423814</subfield></datafield><datafield ind1=" " ind2="7" tag="651"><subfield code="a">Arkansas</subfield><subfield code="z">Helena.</subfield><subfield code="2">fast</subfield><subfield code="0">(OCoLC)fst01217973</subfield></datafield><datafield ind1=" " ind2="7" tag="651"><subfield code="a">Arkansas</subfield><subfield code="z">Phillips County.</subfield><subfield code="2">fast</subfield><subfield code="0">(OCoLC)fst01217912</subfield></datafield><datafield ind1=" " ind2=" " tag="752"><subfield code="a">United States</subfield><subfield code="b">Arkansas</subfield><subfield code="c">Phillips</subfield><subfield code="d">Helena.</subfield></datafield><datafield ind1="0" ind2="0" tag="780"><subfield code="t">Daily Helena world</subfield><subfield code="w">(DLC)sn 92050123</subfield></datafield><datafield ind1="0" ind2="0" tag="785"><subfield code="t">Helena world (Helena, Ark. : 1897)</subfield><subfield code="w">(DLC)sn 92050058</subfield></datafield></record>